<record><leader>00000cas a22000007a 4500</leader><controlfield tag="001">12003600</controlfield><controlfield tag="008">850507d18271827nyuwr ne      0   a0eng  </controlfield><datafield ind1=" " ind2=" " tag="010"><subfield code="a">sn 85025991 </subfield></datafield><datafield ind1=" " ind2=" " tag="040"><subfield code="a">NPX</subfield><subfield code="b">eng</subfield><subfield code="c">NPX</subfield><subfield code="d">NYS</subfield><subfield code="d">OCL</subfield><subfield code="d">OCLCQ</subfield><subfield code="d">OCLCF</subfield><subfield code="d">OCLCO</subfield><subfield code="d">DLC</subfield><subfield code="d">HUL</subfield></datafield><datafield ind1="0" ind2=" " tag="022"><subfield code="a">2469-8563</subfield><subfield code="l">2469-8563</subfield><subfield code="2">1</subfield></datafield><datafield ind1=" " ind2=" " tag="042"><subfield code="a">msc</subfield><subfield code="a">nsdp</subfield></datafield><datafield ind1=" " ind2=" " tag="043"><subfield code="a">n-us-ny</subfield></datafield><datafield ind1="1" ind2="0" tag="050"><subfield code="a">ISSN RECORD</subfield></datafield><datafield ind1="1" ind2="0" tag="082"><subfield code="a">071</subfield><subfield code="2">23</subfield></datafield><datafield ind1=" " ind2="0" tag="222"><subfield code="a">Rochester mercury</subfield></datafield><datafield ind1="0" ind2="0" tag="245"><subfield code="a">Rochester mercury.</subfield></datafield><datafield ind1=" " ind2=" " tag="260"><subfield code="a">Rochester [N.Y.] :</subfield><subfield code="b">Luther Tucker &amp; Co.,</subfield><subfield code="c">1827-1827.</subfield></datafield><datafield ind1=" " ind2=" " tag="300"><subfield code="a">v.</subfield></datafield><datafield ind1=" " ind2=" " tag="310"><subfield code="a">Weekly</subfield></datafield><datafield ind1="0" ind2=" " tag="362"><subfield code="a">Vol. 1, no. 1 (Jan. 2, 1827)-v. 1, no. 30 (July 24, 1827).</subfield></datafield><datafield ind1=" " ind2="0" tag="651"><subfield code="a">Rochester (N.Y.)</subfield><subfield code="v">Newspapers.</subfield></datafield><datafield ind1=" " ind2="7" tag="651"><subfield code="a">New York (State)</subfield><subfield code="z">Rochester.</subfield><subfield code="2">fast</subfield><subfield code="0">(OCoLC)fst01204680</subfield></datafield><datafield ind1=" " ind2="7" tag="655"><subfield code="a">Newspapers.</subfield><subfield code="2">fast</subfield><subfield code="0">(OCoLC)fst01423814</subfield></datafield><datafield ind1=" " ind2=" " tag="752"><subfield code="a">United States</subfield><subfield code="b">New York</subfield><subfield code="c">Monroe</subfield><subfield code="d">Rochester.</subfield></datafield><datafield ind1="0" ind2=" " tag="775"><subfield code="t">Rochester daily advertiser (Rochester, N.Y. : 1826)</subfield><subfield code="x">2469-8385</subfield><subfield code="w">(DLC)sn 84026577</subfield><subfield code="w">(OCoLC)10508118</subfield></datafield><datafield ind1="0" ind2="7" tag="785"><subfield code="t">Monroe Republican (Rochester, N.Y. : 1821)</subfield><subfield code="x">2469-8571</subfield><subfield code="w">(DLC)sn 84026361</subfield><subfield code="w">(OCoLC)10426440</subfield></datafield><datafield ind1="0" ind2="7" tag="785"><subfield code="t">Monroe Republican and Rochester Mercury</subfield><subfield code="x">2469-8539</subfield><subfield code="w">(DLC)sn 84026329</subfield><subfield code="w">(OCoLC)10426421</subfield></datafield><datafield ind1="1" ind2=" " tag="029"><subfield code="a">AU@</subfield><subfield code="b">000020124112</subfield></datafield></record>